<?xml version="1.0" encoding="UTF-8"?><record xmlns="http://www.loc.gov/MARC21/slim" xmlns:cinclude="http://apache.org/cocoon/include/1.0" xmlns:zs="http://www.loc.gov/zing/srw/">
  <leader>00589cz  a2200145n  4500</leader>
  <controlfield tag="001">no2009072210</controlfield>
  <controlfield tag="003">DLC</controlfield>
  <controlfield tag="005">20090529075432.0</controlfield>
  <controlfield tag="008">090511n| acannaabn          |n aaa     c</controlfield>
  <datafield tag="010" ind1=" " ind2=" ">
    <subfield code="a">no2009072210</subfield>
  </datafield>
  <datafield tag="035" ind1=" " ind2=" ">
    <subfield code="a">(OCoLC)oca08104622</subfield>
  </datafield>
  <datafield tag="040" ind1=" " ind2=" ">
    <subfield code="a">UPB</subfield>
    <subfield code="b">eng</subfield>
    <subfield code="c">UPB</subfield>
    <subfield code="d">IEN</subfield>
  </datafield>
  <datafield tag="100" ind1="1" ind2=" ">
    <subfield code="a">Cannon, Nathaniel Scott,</subfield>
    <subfield code="d">1980-</subfield>
  </datafield>
  <datafield tag="670" ind1=" " ind2=" ">
    <subfield code="a">Domain duplication, Darwinian selection and the origins of the seed storage globulins, 2008:</subfield>
    <subfield code="b">t.p. (Nathaniel Scott Cannon, Thesis (M.S.)--Brigham Young University. Dept. of Plant and Wildlife Sciences)</subfield>
  </datafield>
  <datafield tag="670" ind1=" " ind2=" ">
    <subfield code="a">UPB files, May 8, 2009</subfield>
    <subfield code="b">(Nathaniel Scott Cannon, b. 1980)</subfield>
  </datafield>
</record>